
@article{felfernig2019overview,
  title={An overview of recommender systems in the internet of things},
  author={Felfernig, Alexander and Polat-Erdeniz, Seda and Uran, Christoph and Reiterer, Stefan and Atas, Muesluem and Tran, Thi Ngoc Trang and Azzoni, Paolo and Kiraly, Csaba and Dolui, Koustabh},
  journal={Journal of Intelligent Information Systems},
  volume={52},
  number={2},
  pages={285--309},
  year={2019},
  publisher={Springer}
}
@inproceedings{palaiokrassas2017iot,
  title={An IoT architecture for personalized recommendations over big data oriented applications},
  author={Palaiokrassas, Georgios and Karlis, Ilias and Litke, Antonios and Charlaftis, Vassilios and Varvarigou, Theodora},
  booktitle={2017 IEEE 41st Annual Computer Software and Applications Conference (COMPSAC)},
  volume={2},
  pages={475--480},
  year={2017},
  organization={IEEE}
}
@inproceedings{bergman2018exploratory,
  title={An exploratory study on how Internet of Things developing companies handle User Experience Requirements},
  author={Bergman, Johanna and Olsson, Thomas and Johansson, Isabelle and Rassmus-Gr{\"o}hn, Kirsten},
  booktitle={International Working Conference on Requirements Engineering: Foundation for Software Quality},
  pages={20--36},
  year={2018},
  organization={Springer}
}