
@Article{jirauschek2014,
  Title                    = {Modeling techniques for quantum cascade lasers},
  Author                   = {Jirauschek, Christian and Kubis, Tillmann},
  Journal                  = {Appl. Phys. Rev.},
  Year                     = {2014},
  Number                   = {1},
  Pages                    = {011307},
  Volume                   = {1},
  Publisher                = {AIP}
}
@article{cer2018universal,
  title={Universal sentence encoder},
  author={Cer, Daniel and Yang, Yinfei and Kong, Sheng-yi and Hua, Nan and Limtiaco, Nicole and John, Rhomni St and Constant, Noah and Guajardo-Cespedes, Mario and Yuan, Steve and Tar, Chris and others},
  journal={arXiv preprint arXiv:1803.11175},
  year={2018}
}
@online{bertontfhub,
  author = {dalequark},
  title = {predicting movie reviews with bert on tf hub},
  urldate = {2019},
  url = {https://github.com/google-research/bert/blob/master/predicting_movie_reviews_with_bert_on_tf_hub.ipynb}
  
}
@online{fasterdata,
  title = {Faster data processing boosts efficiency and customer service, but companies lag},
  url = {https://www.techrepublic.com/article/faster-data-processing-boosts-efficiency-and-customer-service-but-companies-lag/},
  urldate = {2018-07-25},
  author = { Alison DeNisco Rayome}
}
