
@inproceedings{remus2010sentiws,
  title={SentiWS-A Publicly Available German-language Resource for Sentiment Analysis.},
  author={Remus, Robert and Quasthoff, Uwe and Heyer, Gerhard},
  booktitle={LREC},
  year={2010},
  organization={Citeseer}
}
@Article{jirauschek2014,
  Title                    = {Modeling techniques for quantum cascade lasers},
  Author                   = {Jirauschek, Christian and Kubis, Tillmann},
  Journal                  = {Appl. Phys. Rev.},
  Year                     = {2014},
  Number                   = {1},
  Pages                    = {011307},
  Volume                   = {1},
  Publisher                = {AIP}
}
@article{cer2018universal,
  title={Universal sentence encoder},
  author={Cer, Daniel and Yang, Yinfei and Kong, Sheng-yi and Hua, Nan and Limtiaco, Nicole and John, Rhomni St and Constant, Noah and Guajardo-Cespedes, Mario and Yuan, Steve and Tar, Chris and others},
  journal={arXiv preprint arXiv:1803.11175},
  year={2018}
}
@online{bertontfhub,
  author = {dalequark},
  title = {predicting movie reviews with bert on tf hub},
  urldate = {2019},
  url = {https://github.com/google-research/bert/blob/master/predicting_movie_reviews_with_bert_on_tf_hub.ipynb}
  
}
@online{fasterdata,
  title = {Faster data processing boosts efficiency and customer service, but companies lag},
  url = {https://www.techrepublic.com/article/faster-data-processing-boosts-efficiency-and-customer-service-but-companies-lag/},
  urldate = {2018-07-25},
  author = { Alison DeNisco Rayome}
}
@inproceedings{hutto2014vader,
  title={Vader: A parsimonious rule-based model for sentiment analysis of social media text},
  author={Hutto, Clayton J and Gilbert, Eric},
  booktitle={Eighth international AAAI conference on weblogs and social media},
  year={2014}
}
@article{chidambaram2018learning,
  title={Learning cross-lingual sentence representations via a multi-task dual-encoder model},
  author={Chidambaram, Muthuraman and Yang, Yinfei and Cer, Daniel and Yuan, Steve and Sung, Yun-Hsuan and Strope, Brian and Kurzweil, Ray},
  journal={arXiv preprint arXiv:1810.12836},
  year={2018}
}
@article{stopwords,
author = {Saif, Hassan and Fernandez, Miriam and Alani, Harith},
year = {2014},
month = {01},
pages = {810-817},
title = {On stopwords, filtering and data sparsity for sentiment analysis of twitter},
journal = {Proceedings of the 9th International Language Resources and Evaluation Conference (LREC'14)}
}
